<?xml version="1.0" encoding="UTF-8"?><record xmlns="http://www.loc.gov/MARC21/slim" xmlns:cinclude="http://apache.org/cocoon/include/1.0" xmlns:zs="http://www.loc.gov/zing/srw/">
  <leader>00437cz  a2200145n  4500</leader>
  <controlfield tag="001">no 95041023 </controlfield>
  <controlfield tag="003">DLC</controlfield>
  <controlfield tag="005">20001104070730.0</controlfield>
  <controlfield tag="008">950828n| acannaabn          |a aaa     c</controlfield>
  <datafield tag="010" ind1=" " ind2=" ">
    <subfield code="a">no 95041023 </subfield>
  </datafield>
  <datafield tag="035" ind1=" " ind2=" ">
    <subfield code="a">(OCoLC)oca03907053</subfield>
  </datafield>
  <datafield tag="040" ind1=" " ind2=" ">
    <subfield code="a">TNJ</subfield>
    <subfield code="b">eng</subfield>
    <subfield code="c">TNJ</subfield>
    <subfield code="d">OCoLC</subfield>
  </datafield>
  <datafield tag="100" ind1="1" ind2=" ">
    <subfield code="a">Forero Espinosa, José Luis</subfield>
  </datafield>
  <datafield tag="400" ind1="1" ind2=" ">
    <subfield code="a">Espinosa, José Luis Forero</subfield>
  </datafield>
  <datafield tag="670" ind1=" " ind2=" ">
    <subfield code="a">Los niños de la Amazonia colombiana, 1994:</subfield>
    <subfield code="b">t.p. (José Luis Forero Espinosa)</subfield>
  </datafield>
</record>